<record><leader>00000cas a2200000 a 4500</leader><controlfield tag="001">12953493</controlfield><controlfield tag="008">851224d18021807nyuwr ne      0    0eng c</controlfield><datafield ind1=" " ind2=" " tag="010"><subfield code="a">sn 85027083 </subfield></datafield><datafield ind1=" " ind2=" " tag="040"><subfield code="a">NPX</subfield><subfield code="b">eng</subfield><subfield code="c">NPX</subfield><subfield code="d">NYS</subfield><subfield code="d">MGN</subfield><subfield code="d">OCL</subfield><subfield code="d">NYG</subfield><subfield code="d">OCLCG</subfield><subfield code="d">OCLCQ</subfield><subfield code="d">OCLCA</subfield><subfield code="d">OCLCF</subfield><subfield code="d">OCLCO</subfield></datafield><datafield ind1=" " ind2=" " tag="042"><subfield code="a">pcc</subfield></datafield><datafield ind1=" " ind2=" " tag="043"><subfield code="a">n-us-ny</subfield></datafield><datafield ind1="0" ind2="4" tag="245"><subfield code="a">The Western spectator, or, Schenectady weekly advertiser.</subfield></datafield><datafield ind1="3" ind2="0" tag="246"><subfield code="a">Schenectady weekly advertiser</subfield></datafield><datafield ind1=" " ind2=" " tag="260"><subfield code="a">Schenectady, N.Y. :</subfield><subfield code="b">Printed by John L. Stevenson</subfield></datafield><datafield ind1=" " ind2=" " tag="300"><subfield code="a">v.</subfield></datafield><datafield ind1=" " ind2=" " tag="310"><subfield code="a">Weekly</subfield></datafield><datafield ind1="1" ind2=" " tag="362"><subfield code="a">Began in Dec. 1802? Ceased in July 1807?</subfield></datafield><datafield ind1=" " ind2=" " tag="588"><subfield code="a">Description based on: Vol. 1, no. 28 (June 30, 1803).</subfield></datafield><datafield ind1=" " ind2="0" tag="651"><subfield code="a">Schenectady (N.Y.)</subfield><subfield code="v">Newspapers.</subfield></datafield><datafield ind1=" " ind2="0" tag="651"><subfield code="a">Schenectady County (N.Y.)</subfield><subfield code="v">Newspapers.</subfield></datafield><datafield ind1=" " ind2="7" tag="655"><subfield code="a">Newspapers.</subfield><subfield code="2">fast</subfield><subfield code="0">(OCoLC)fst01423814</subfield></datafield><datafield ind1=" " ind2="7" tag="651"><subfield code="a">New York (State)</subfield><subfield code="z">Schenectady.</subfield><subfield code="2">fast</subfield><subfield code="0">(OCoLC)fst01202844</subfield></datafield><datafield ind1=" " ind2="7" tag="651"><subfield code="a">New York (State)</subfield><subfield code="z">Schenectady County.</subfield><subfield code="2">fast</subfield><subfield code="0">(OCoLC)fst01211829</subfield></datafield><datafield ind1="1" ind2=" " tag="700"><subfield code="a">Stevenson, John L.,</subfield><subfield code="d">-1814.</subfield></datafield><datafield ind1=" " ind2=" " tag="752"><subfield code="a">United States</subfield><subfield code="b">New York</subfield><subfield code="c">Schenectady</subfield><subfield code="d">Schenectady.</subfield></datafield><datafield ind1="0" ind2="0" tag="785"><subfield code="t">Western budget (Schenectady, N.Y.)</subfield><subfield code="w">(DLC)sn 85027084</subfield><subfield code="w">(OCoLC)12953465</subfield></datafield></record>